@article{Padfield2021,
  title={rTPC and nls.multstart: A new pipeline to fit thermal performance curves in R},
  author={Padfield, Daniel and O'Sullivan, Hannah and Pawar, Samraat},
  journal={Methods in Ecology and Evolution},
  volume={12},
  number={1138-1143},
  pages={1138--1143},
  year={2021},
  publisher={British Ecological Society},
  doi={10.1111/2041-210X.13585}
}

@article{Kontopoulos2021,
  title={No model to rule them all: a systematic comparison of 83 thermal performance curve models across traits and taxonomic groups},
  author={Kontopoulos, Dimitrios-Georgios and Sentis, Arnaud and Daufresne, Martin and Dell, Anthony I. and Pawar, Samraat},
  journal={Title of the journal},
  volume={Volume number},
  number={Issue number},
  pages={Page range},
  year={2021},
  publisher={Publisher}
}
@article{Kontopoulos2020,
  author = {Kontopoulos, Dimitrios-Georgios and Van Sebille, Erik and Lange, Michael and Yvon-Durocher, Gabriel and Barraclough, Timothy G. and Pawar, Samraat},
  title = {Phytoplankton thermal responses adapt in the absence of hard thermodynamic constraints},
  journal = {Evolution},
  volume = {74},
  number = {4},
  pages = {775--790},
  year = {2020},
  doi = {10.1111/evo.13946},
  url = {https://doi.org/10.1111/evo.13946}
}
@article{Mordecai2019,
  author = {Mordecai, Erin A. and Caldwell, James M. and Grossman, Michelle K. and Lippi, Catherine A. and Johnson, Leah R. and Neira, Moises and Rohr, Jason R. and Ryan, Sadie J. and Savage, Van and Shocket, Morgan S. and Sippy, Rachel and Stewart Ibarra, Anna M. and Thomas, Matthew B. and Villena, Oscar},
  title = {Thermal biology of mosquito-borne disease},
  journal = {Ecology Letters},
  volume = {22},
  number = {10},
  pages = {1690--1708},
  year = {2019},
  doi = {10.1111/ele.13335},
  url = {https://doi.org/10.1111/ele.13335}
}
